<?xml version="1.0" encoding="UTF-8"?><record xmlns="http://www.loc.gov/MARC21/slim" xmlns:cinclude="http://apache.org/cocoon/include/1.0" xmlns:zs="http://www.loc.gov/zing/srw/">
  <leader>00386nz  a2200121n  4500</leader>
  <controlfield tag="001">n  93106301 </controlfield>
  <controlfield tag="003">DLC</controlfield>
  <controlfield tag="005">19931028151909.3</controlfield>
  <controlfield tag="008">931028n| acannaab|          |n ana |||  </controlfield>
  <datafield tag="010" ind1=" " ind2=" ">
    <subfield code="a">n  93106301 </subfield>
  </datafield>
  <datafield tag="040" ind1=" " ind2=" ">
    <subfield code="a">DLC</subfield>
    <subfield code="c">DLC</subfield>
  </datafield>
  <datafield tag="110" ind1="2" ind2="0">
    <subfield code="a">Benchmark Research Limited</subfield>
  </datafield>
  <datafield tag="670" ind1=" " ind2=" ">
    <subfield code="a">Safety related computer controlled systems market study, 1992:</subfield>
    <subfield code="b">t.p. (Benchmark Research) p. 1 (Benchmark Research Limited)</subfield>
  </datafield>
</record>